<record><leader>00000cas a22000007a 4500</leader><controlfield tag="001">24006106</controlfield><controlfield tag="008">910628d18901893mnuwr ne      0    0eng d</controlfield><datafield ind1=" " ind2=" " tag="010"><subfield code="a">sn 91059077 </subfield></datafield><datafield ind1=" " ind2=" " tag="040"><subfield code="a">MN#</subfield><subfield code="b">eng</subfield><subfield code="c">MN#</subfield><subfield code="d">OCLCQ</subfield><subfield code="d">OCLCF</subfield><subfield code="d">OCLCO</subfield></datafield><datafield ind1="1" ind2=" " tag="029"><subfield code="a">AU@</subfield><subfield code="b">000025886272</subfield></datafield><datafield ind1=" " ind2=" " tag="042"><subfield code="a">msc</subfield></datafield><datafield ind1=" " ind2=" " tag="043"><subfield code="a">n-us-mn</subfield></datafield><datafield ind1=" " ind2=" " tag="052"><subfield code="a">4144</subfield><subfield code="b">A5</subfield></datafield><datafield ind1=" " ind2=" " tag="052"><subfield code="a">4143</subfield><subfield code="b">D6</subfield></datafield><datafield ind1="0" ind2=" " tag="130"><subfield code="a">Douglas County sentinel (Alexandria, Minn.)</subfield></datafield><datafield ind1="1" ind2="0" tag="245"><subfield code="a">Douglas County sentinel.</subfield></datafield><datafield ind1=" " ind2=" " tag="260"><subfield code="a">Alexandria, Douglas County, Minn. :</subfield><subfield code="b">A.C. Lawrence</subfield></datafield><datafield ind1=" " ind2=" " tag="300"><subfield code="a">v.</subfield></datafield><datafield ind1=" " ind2=" " tag="310"><subfield code="a">Weekly</subfield></datafield><datafield ind1="1" ind2=" " tag="362"><subfield code="a">Began in 1890.</subfield></datafield><datafield ind1="0" ind2=" " tag="362"><subfield code="a">-v. 4, no. 50 (Dec. 21, 1893).</subfield></datafield><datafield ind1=" " ind2=" " tag="500"><subfield code="a">Published in Brandon, Minn., 1890-Feb. 1891.</subfield></datafield><datafield ind1=" " ind2=" " tag="530"><subfield code="a">Available on microfilm from the Minnesota Historical Society.</subfield></datafield><datafield ind1=" " ind2=" " tag="588"><subfield code="a">Description based on: Vol. 4, no. 10 (Apr. 20, 1893).</subfield></datafield><datafield ind1=" " ind2="0" tag="651"><subfield code="a">Douglas County (Minn.)</subfield><subfield code="v">Newspapers.</subfield></datafield><datafield ind1=" " ind2="7" tag="655"><subfield code="a">Newspapers.</subfield><subfield code="2">fast</subfield><subfield code="0">(OCoLC)fst01423814</subfield></datafield><datafield ind1=" " ind2="7" tag="651"><subfield code="a">Minnesota</subfield><subfield code="z">Douglas County.</subfield><subfield code="2">fast</subfield><subfield code="0">(OCoLC)fst01214810</subfield></datafield><datafield ind1=" " ind2=" " tag="752"><subfield code="a">United States</subfield><subfield code="b">Minnesota</subfield><subfield code="c">Douglas</subfield><subfield code="d">Alexandria.</subfield></datafield><datafield ind1="0" ind2="5" tag="785"><subfield code="t">Douglas County news (Alexandria, Minn.)</subfield><subfield code="w">(DLC)sn 91059076</subfield></datafield><datafield ind1="0" ind2="5" tag="785"><subfield code="t">Alexandria post</subfield><subfield code="w">(DLC)sn 85025423</subfield></datafield></record>